@article{akyildiz2008survey,
  title="A survey on spectrum management in cognitive radio networks",
  author="Akyildiz, Ian F and Lee, Won-Yeol and Vuran, Mehmet C and Mohanty, Shantidev",
  journal="Communications Magazine, IEEE",
  volume="46",
  number="4",
  pages="40--48",
  year="2008",
  publisher="IEEE"
}
@INPROCEEDINGS{wang10infocom, 
author={Shanshan Wang and Junshan Zhang and Lang Tong}, 
booktitle={Proc. IEEE INFOCOM'10}, 
title={Delay Analysis for Cognitive Radio Networks with Random Access: A Fluid Queue View}, 
year={2010}, 
pages={1-9}, 
keywords={Poisson equation;cognitive radio;differential equations;stochastic processes;telecommunication channels;Fluid Queue View;Poisson driven stochastic differential equations;cognitive radio networks;delay analysis;practical systems;primary user;random access;secondary users;stochastic fluid models;Cognitive radio;Delay;Differential equations;Fluid dynamics;Frequency;Performance analysis;Queueing analysis;Steady-state;Stochastic processes;Traffic control}, 
doi={10.1109/INFCOM.2010.5461943}, 
ISSN={0743-166X},
}
